@article{adamaszek2020homotopy,
  title={On homotopy types of Vietoris--Rips complexes of metric gluings},
  author={Adamaszek, Micha{\l} and Adams, Henry and Gasparovic, Ellen and Gommel, Maria and Purvine, Emilie and Sazdanovic, Radmila and Wang, Bei and Wang, Yusu and Ziegelmeier, Lori},
  journal={Journal of Applied and Computational Topology},
  volume={4},
  number={3},
  pages={425--454},
  year={2020},
  publisher={Springer}
}

@book{burago2001course,
  title={A course in metric geometry},
  author={Burago, Dmitri and Burago, Yuri and Ivanov, Sergei},
  volume={33},
  year={2001},
  publisher={American Mathematical Society}
}

@article{adams2022metric,
  title={Metric thickenings and group actions},
  author={Adams, Henry and Heim, Mark and Peterson, Chris},
  journal={Journal of Topology and Analysis},
  volume={14},
  number={03},
  pages={587--613},
  year={2022},
  publisher={World Scientific}
}

@article{lim2020vietoris,
  title={Vietoris--{R}ips persistent homology, injective metric spaces, and the filling radius},
  author={Lim, Sunhyuk and M{\'e}moli, Facundo and Okutan, Osman B},
  journal={Accepted to appear in Algebraic \& Geometric Topology},
  year={2022}
}

@article{katz1983filling,
  title={The filling radius of two-point homogeneous spaces},
  author={Katz, Mikhail},
  journal={Journal of Differential Geometry},
  volume={18},
  number={3},
  pages={505--511},
  year={1983},
  publisher={Lehigh University}
}

@book{hatcher2000,
      author        = "Hatcher, Allen",
      title         = "{Algebraic topology}",
      publisher     = "Cambridge Univ. Press",
      address       = "Cambridge",
      year          = "2000",
      url           = "https://cds.cern.ch/record/478079",
}

@article{adamaszek2017vietoris,
  title={Vietoris--{R}ips and \v{C}ech complexes of metric gluings},
  author={Adamaszek, Micha{\l} and Adams, Henry and Gasparovic, Ellen and Gommel, Maria and Purvine, Emilie and Sazdanovic, Radmila and Wang, Bei and Wang, Yusu and Ziegelmeier, Lori},
  journal={Proceedings of the 34th International Symposium on Computational Geometry},
  pages={3:1--3:15},
  year={2018}
}

@misc{gromov2007metric,
  title={Metric structures for Riemannian and non-Riemannian spaces, english ed., Modern Birkh{\"a}user Classics},
  author={Gromov, Misha},
  year={2007},
  publisher={Birkh{\"a}user Boston, Inc., Boston, MA}
}

@article{virk20201,
  title={1-dimensional intrinsic persistence of geodesic spaces},
  author={Virk, {\v{Z}}iga},
  journal={Journal of Topology and Analysis},
  volume={12},
  number={01},
  pages={169--207},
  year={2020},
  publisher={World Scientific}
}